@manual{oetiker2003not,
  title   = {The not so short introduction to {{\LaTeXe}}},
  author  = {Oetiker, Tobias and Partl, Hubert and Hyna, Irene and Schlegl, Elisabeth},
  note    = {\link{http://www.tug.org/tex-archive/info/lshort/english/lshort.pdf}},
  journal = {Unpublished manuscript},
  year    = {2003}
}

@book{刘海洋2013latex,
  title     = {{{\LaTeX}} 入门},
  author    = {刘海洋},
  publisher = {电子工业出版社},
  year      = {2013}
}

@manual{RSTL23KS,
  title   = {Reference Sheet for a Thesis with {{\LaTeXe}} and KOMA-Script},
  author  = {Marion Lammarsch, Elke Schubert},
  note    = {\link{https://mirror-hk.koddos.net/CTAN/info/latex-refsheet/LaTeX\_RefSheet.pdf}},
  journal = {Unpublished manuscript},
  year    = {2017}
}

@book{mittelbach2004latex,
  title     = {The {{\LaTeX}} companion},
  author    = {Mittelbach, Frank and Goossens, Michel and Braams, Johannes and Carlisle, David and Rowley, Chris},
  year      = {2004},
  publisher = {Addison-Wesley Professional}
}

@book{knuth1984texbook,
  title     = {The {{\TeX}}book},
  author    = {Knuth, Donald Ervin and Bibby, Duane},
  volume    = {15},
  year      = {1984},
  publisher = {Addison-Wesley Reading}
}

@book{wolfram2017,
  title     = {An Elementary Introduction to the Wolfram Language, Second Edition},
  author    = {Stephen Wolfram},
  year      = {2017},
  publisher = {Stephen Wolfram}
}

@manual{feuersanger2011manual,
  title   = {Manual for Package pgfplots},
  author  = {Feuers{\"a}nger, Christian},
  note    = {\link{http://www.ctan.org/tex-archive/help/Catalogue/entries/pgfplots.html}},
  journal = {Probablement install{\'e} dans votre syst{\`e}me sous le nom pgfplots.pdf},
  volume  = {17},
  year    = {2011}
}

@manual{WillRobertson,
  title   = {Symbols defined by unicode-math},
  author  = {Will Robertson},
  note    = {\link{https://mirrors.nju.edu.cn/CTAN/macros/unicodetex/latex/unicode-math/unimath-symb}},
  year    = {2020}
}

@techreport{stonezeng,
  title  = {现代 {\LaTeX} 入门讲座~Modern {\LaTeX} in a Nutshell},
  author = {曾祥东},
  note   = {\link{https://github.com/stone-zeng/latex-talk}, Video: \link{https://www.bilibili.com/video/BV1RE411W7FS}},
  year   = {2020}
}

@book{abell2005maple,
  title     = {Maple by example},
  author    = {Abell, Martha L and Braselton, James P},
  year      = {2005},
  publisher = {Elsevier}
}

@book{李银山2013maple,
  title     = {Maple 理论力学 I},
  author    = {李银山},
  year      = {2013},
  publisher = {机械工业出版社}
}


@book{徐俊林maple,
  title     = {用 Maple 学大学数学},
  author    = {吴珞，徐俊林},
  year      = {2014},
  publisher = {机械工业出版社}
}

@book{李银山2013maple2,
  title     = {Maple材料力学},
  author    = {{李银山}},
  year      = {2009},
  publisher = {机械工业出版社}
}

@book{杨爽2010普林斯顿微积分读本,
  title     = {普林斯顿微积分读本},
  author    = {Adrian Banner},
  note      = {杨爽、赵晓婷、高璞译},
  year      = {2010},
  publisher = {人民邮电出版社}
}

@book{李伯民2009托马斯大学微积分,
  title     = {托马斯大学微积分},
  author    = {{Joel Hass, Maurice D.Weir, George B.Thomas, 李伯民译}},
  year      = {2009},
  publisher = {机械工业出版社}
}

@book{谢树艺2015工程数学,
  title     = {工程数学——矢量分析与场论},
  author    = {谢树艺},
  year      = {2015},
  publisher = {高等教育出版社}
}

@book{彭家贵2002微分几何,
  title     = {微分几何},
  author    = {彭家贵 and 陈卿},
  year      = {2002},
  publisher = {高等敎育出版社}
}

@book{矩阵与变换,
  title     = {普通高中课程标准实验教科书 数学 选修4-2 A版 矩阵与变换},
  author    = {中学数学课程教材研究开发中心},
  year      = {2008},
  publisher = {人民教育出版社}
}

@book{线性代数,
  title     = {线性代数},
  author    = {邱志鹏 and 杨建新 and 钱雄平},
  year      = {2020},
  publisher = {高等教育出版社}
}

@book{线性代数5,
  title     = {线性代数：第5版 Introduction to Linear Algebra (Fifth Edition)},
  author    = {Gilbert Strang},
  year      = {2019},
  publisher = {清华大学出版社}
}

@book{工程数学——复变函数、积分变换与场论,
  title     = {工程数学——复变函数、积分变换与场论},
  author    = {许孟},
  year      = {2020},
  publisher = {高等教育出版社}
}

@book{needham2009复分析可视化方法,
  title     = {复分析：可视化方法},
  author    = {Tristan Needham},
  year      = {2009},
  publisher = {人民邮电出版社}
}

@book{数学物理方法（第3版）,
  title     = {数学物理方法（第3版）},
  author    = {吴崇试},
  year      = {2019},
  publisher = {北京大学出版社}
}

@book{特殊函数概论,
  title     = {特殊函数概论},
  author    = {王竹溪，郭敦仁},
  year      = {2000},
  publisher = {北京大学出版社},
  chapter   = {1--3, 5, 7}
}

@book{积分方程（第3版）,
  title     = {积分方程（第3版）},
  author    = {沈以淡},
  year      = {2012},
  publisher = {清华大学出版社}
}

@misc{ibragimov2013微分方程与数学物理问题,
  title     = {微分方程与数学物理问题},
  author    = {Ibragimov, NH},
  year      = {2013},
  publisher = {北京: 高等教育出版社}
}

@book{孙博华2016量纲分析与Lie群,
  title     = {量纲分析与 Lie 群},
  author    = {孙博华 and 查看清 and 单书目 and 梁板},
  year      = {2016},
  publisher = {高等教育出版社}
}

@book{李庆扬2009,
  title     = {数值分析（第五版）},
  author    = {李庆扬 and 王能超 and 易大义},
  year      = {2009},
  publisher = {清华大学出版社}
}

@book{王高雄2020常微分方程,
  title     = {常微分方程（第四版）},
  author    = {王高雄 and 周之铭 and 朱思铭 and 王寿松},
  year      = {2020},
  publisher = {高等教育出版社}
}

@book{史荣昌2010,
  title     = {矩阵分析（第3版）},
  author    = {史荣昌 and 魏丰},
  year      = {2010},
  publisher = {北京理工大学出版社}
}

@book{线性代数高级教程,
  title     = {线性代数高级教程——矩阵理论及应用},
  author    = {Stephan Ramon Garcia and Roger A. Horn},
  note      = {张明尧译},
  year      = {2020},
  publisher = {机械工业出版社}
}

@book{阿克斯勒杜现昆2016线性代数应该这样学,
  title     = {线性代数应该这样学 : Linear algebra done right 3E},
  author    = {Sheldon Axler},
  note      = {杜现昆、刘大艳、马晶译},
  year      = {2016},
  publisher = {机械工业出版社}
}

@book{张贤科2004高等代数学,
  title     = {高等代数学 (第二版)},
  author    = {张贤科 and 许甫华},
  publisher = {高等代数学  （第二版）},
  year      = {2004}
}

@book{谢锡麟2014现代张量分析及其在连续介质力学中的应用,
  title     = {现代张量分析及其在连续介质力学中的应用 : Modern tensor analysis with applications in continuum mechanics},
  author    = {谢锡麟},
  publisher = {复旦大学出版社},
  year      = {2014}
}

@book{黄克智2003张量分析,
  title     = {张量分析：第2版},
  author    = {黄克智 and 薛明德 and 陆明万},
  publisher = {黄克智2003张量分析},
  year      = {2003}
}

@book{薛小平2012应用泛函分析,
  title     = {应用泛函分析 : Applied functional analysis},
  author    = {薛小平},
  publisher = {哈尔滨工业大学出版社},
  year      = {2012}
}

@book{李荣华2009,
  title     = {微分方程数值解法（第四版）},
  author    = {李荣华},
  publisher = {高等教育出版社},
  year      = {2009}
}

@book{陆金甫2016偏微分方程数值解法,
  title     = {偏微分方程数值解法（第三版）},
  author    = {陆金甫 and 关治},
  publisher = {清华大学出版社},
  year      = {2016}
}

@book{柳重堪1986,
  title     = {应用泛函分析},
  author    = {柳重堪},
  publisher = {国防工业出版社},
  year      = {1986}
}

@book{老大中2015变分法基础,
  title     = {变分法基础 : Fundamentals of the calculus of variations},
  author    = {老大中},
  publisher = {国防工业出版社},
  year      = {2015}
}

@book{张维强2021,
  title     = {数值泛函及其应用},
  author    = {张维强 and 冯纪强 and 宋国乡},
  publisher = {科学出版社},
  year      = {2021}
}

@book{杨卫2020,
  title     = {力学导论},
  author    = {杨卫 and 赵沛 and 王宏涛},
  publisher = {科学出版社},
  year      = {2020}
}

@book{武际可2010,
  title     = {力学史},
  author    = {武际可},
  publisher = {上海辞书出版社},
  year      = {2010}
}

@book{中国力学学会编著2012中国力学学科史,
  title     = {中国力学学科史},
  author    = {中国力学学会},
  year      = {2012},
  publisher = {中国科学技术出版社}
}

@book{斯米尔诺夫2018斯米尔诺夫高等数学,
  title     = {斯米尔诺夫高等数学},
  author    = {{\fontspec{Palatino Linotype}Смирнов}},
  year      = {2018},
  publisher = {哈尔滨工业大学出版社}
}

@book{埃伯哈德·蔡德勒2012数学指南,
  title     = {数学指南：实用数学手册},
  author    = {埃伯哈德·蔡德勒 and 蔡德勒 and 李文林},
  publisher = {科学出版社},
  year      = {2012}
}

@book{张筑生数学分析,
  title     = {数学分析新讲},
  author    = {张筑生},
  publisher = {北京大学出版社},
  year      = {2021}
}

@book{杜其奎2012,
  title     = {有限元方法的数学理论},
  author    = {杜其奎 and 陈金如},
  publisher = {科学出版社},
  year      = {2012}
}